2716 4672
656 171 694 232 51

102 367 170 420 ται,
201 350 334 425 prorsus
365 341 576 425 ascriptoris
608 342 733 405 ratione
756 339 940 405 abhorrent.
997 338 1071 405 Sine
1094 339 1192 405 dubio
1215 342 1247 405 in
1286 343 1289 349 ’

101 438 207 516 verbis
234 450 448 536 Σαυρομάται
480 447 649 511 καλεῦνται
673 447 792 512 excidit
814 447 996 529 particula,
1020 469 1117 530 quam
1140 449 1247 512 omitti

102 579 169 623 non
192 578 289 641 posse
310 558 442 639 insuper
465 556 582 621 docent
605 556 766 621 simillima
789 555 904 637 verba,
928 576 1010 639 quae
1033 555 1141 639 paullo
1163 556 1249 620 infra

101 667 270 750 leguntur:
311 661 474 726 Ἐνταῦθα
505 667 560 726 καὶ
586 662 617 727 οὶ
640 663 767 727 Σκύθαι
793 662 984 726 διαιτεῦνται
1008 709 1015 725 .
1039 662 1189 744 Νομάδες
1213 664 1249 726 δὲ

102 771 285 838 καλεῦνται.
328 771 479 837 Praestat
508 777 634 849 tamen,
666 770 699 835 id
729 770 816 853 quod
840 769 960 836 Cora'e's
992 772 1024 834 in
1053 766 1160 853 priore
1184 772 1249 836 edi·

102 884 192 950 tione
220 881 407 964 proposuit,
442 879 635 963 particulam
665 880 698 941 τέ
719 883 795 961 post
817 877 950 943 verbum
973 879 1182 963 Σαυρομάται
1203 881 1250 944 in-

104 1009 231 1068 serere,
278 987 395 1070 quippe
431 1006 515 1069 quae
556 986 658 1050 lateat
701 984 735 1048 in
771 990 935 1067 postrema
977 985 1071 1070 hujus
1113 987 1250 1053 nominis

104 1094 241 1179 syllaba.
1167 1166 1171 1171 ⁸

192 1203 243 1268 Ita
265 1202 426 1287 particula
448 1204 503 1263 ael
524 1202 557 1266 in
580 1202 672 1267 initio
696 1203 768 1267 novi
793 1201 955 1267 enunciati
979 1203 1094 1284 posita,
1118 1225 1181 1286 quo
1195 1210 1253 1268 aut

108 1311 217 1395 magui
240 1310 314 1394 quid
340 1309 473 1374 additur
496 1315 553 1374 aut
574 1309 652 1392 quid
675 1309 860 1392 diligentius
883 1309 1043 1390 definitur,
1068 1331 1163 1394 saepe
1185 1333 1252 1374 ma·

104 1425 178 1506 jore
199 1418 229 1484 ri
253 1417 395 1498 effertur,
418 1422 456 1481 ut
476 1417 560 1482 idem
584 1415 650 1481 fere
667 1415 753 1499 quod
766 1416 957 1482 Latinorum
980 1422 1021 1481 et
1045 1466 1072 1481 ..
1097 1419 1252 1500 quidem

105 1527 223 1609 valeat,
245 1532 283 1592 ut
304 1526 345 1590 de
367 1547 437 1608 cap.
459 1525 544 1590 vuln.
568 1534 596 1602 g.
624 1529 661 1591 14
685 1525 730 1606 (Ι,
756 1526 833 1610 903)
855 1526 910 1609 τήν
940 1525 1045 1607 σάρκα
1076 1529 1173 1589 ταῦτα
1201 1527 1252 1612 (τὰ

105 1634 218 1720 βέλεα)
249 1633 320 1718 φλᾷ
344 1657 375 1696 τε
397 1637 451 1695 καὶ
473 1635 627 1716 πέπειροι)
649 1635 751 1696 ποιέει
773 1637 828 1694 καὶ
849 1633 957 1696 κόπτει
981 1684 987 1698 .
1012 1638 1081 1696 καὶ
1101 1637 1138 1696 τά
1162 1635 1254 1698 ἕλκεα

105 1747 246 1824 γίγνεται
268 1740 332 1806 ὑπὸ
352 1747 415 1806 τῶν
437 1744 587 1805 τοιούτων
608 1741 729 1822 βελέων
751 1741 784 1815 ἐς
805 1742 839 1804 τὸ
863 1742 1005 1822 πλάγιον
1027 1742 1091 1808 κτλ.

194 1849 268 1915 Non
300 1849 404 1914 minus
431 1848 571 1913 usitatae
595 1854 671 1913 sunt
693 1849 874 1931 particulae
898 1849 1099 1931 copulativae
1121 1851 1154 1913 in
1179 1871 1254 1913 enu-

107 1958 342 2024 merationibus
364 1979 482 2022 rerum.
529 1955 614 2032 Quin
628 1957 724 2021 etiam
738 1957 772 2023 in
788 1956 935 2039 plurimis
948 1956 1037 2021 libris
1053 1957 1253 2022 enumeratio

108 2087 172 2131 non
193 2065 243 2145 fit,
260 2065 299 2128 in
323 2084 386 2146 qua
409 2062 536 2146 singula
558 2061 704 2126 membra
725 2062 789 2126 illis
803 2063 971 2145 particulis
983 2085 1047 2129 non
1060 2068 1254 2148 conjungan-

109 2179 175 2239 tur.
220 2171 282 2238 Sed
306 2179 343 2236 ut
366 2170 537 2235 dilucidius
560 2175 737 2254 appareat,
768 2176 889 2253 quanta
912 2172 1051 2236 varietas
1076 2173 1118 2236 sit
1139 2173 1173 2235 in
1196 2193 1255 2236 usu

111 2281 211 2366 huJ'us
229 2280 361 2364 figurae,
384 2279 510 2362 singula
532 2264 697 2344 schemata
718 2277 770 2342 hio
793 2278 993 2345 describam:

114 2392 168 2450 aral
190 2433 199 2450 .
222 2439 229 2454 .
251 2392 305 2450 καὶ
329 2432 366 2453 ..
393 2433 400 2448 .

111 2499 143 2559 τὲ
228 2499 260 2558 τὲ
286 2541 294 2556 .

108 2601 1140 2687 amaturae...(dea·e·r.aqu.loc.§.7[1,283])

108 2713 218 2804 aava
241 2787 249 2802 .
273 2786 281 2802 .
303 2744 356 2801 ιιι
379 2785 387 2802 .
412 2790 418 2803 .
540 2739 646 2828 (ιιι.)

110 2854 165 2912 καὶ
189 2895 198 2912 .
221 2893 230 2912 .
252 2853 305 2910 καὶ
327 2899 334 2912 .
359 2899 366 2912 .
388 2851 419 2910 τὲ
443 2852 497 2909 καὶ
520 2894 528 2911 .
553 2853 636 2912 ,καὶ
662 2849 716 2936 (de
740 2851 813 2914 vict.
838 2856 923 2914 aaut.
946 2869 1035 2932 spur.
1059 2855 1079 2912 4
1103 2849 1142 2936 (Ι,
1167 2850 1255 2934 396).

109 2962 141 3022 τὲ
166 3010 173 3024 .
197 3003 206 3020 .
228 2961 260 3020 τὲ
282 3003 291 3020 .
315 3003 323 3019 .
346 2958 400 3017 καὶ
660 2958 699 3023 de
720 2959 794 3022 vict.
818 2963 901 3021 acui.
924 2953 957 3045 ξ
985 2961 1023 3019 14
1048 2955 1084 3042 (Ι,
1111 2959 1187 3039 385)

109 3071 163 3128 καὶ
184 3116 192 3133 .
215 3112 223 3128 .
246 3068 278 3127 τὲ
301 3110 309 3126 .
333 3110 341 3126 .
364 3068 418 3125 καὶ
660 3065 829 3148 Prognost.
853 3066 893 3129 30
918 3063 956 3150 (I,
981 3064 1037 3149 42)

110 3164 609 3271 aal..xal..affiml
654 3208 757 3274 Coaca
783 3213 842 3274 139
866 3209 904 3297 (Ι,
932 3207 1007 3294 137)

110 3305 601 3415 aa..ffl..„a
646 3350 752 3417 (roasa
778 3355 840 3416 150
863 3350 902 3438 (Ι,
932 3350 1007 3437 ιιι)

109 3455 633 3583 ιι..και..ιῖιῖῖἵιι,.”“ιῖιῖι..ιι
665 3494 770 3560 uoaoa
793 3499 856 3558 roa
880 3493 918 3581 (Ι,
946 3495 1020 3579 rsa)

108 3615 692 3662 r-——ssffl—-ffl
767 3612 1254 3660 β--Λ--ἠ

108 3662 140 3720 τὲ
163 3705 170 3722 .
193 3704 202 3721 .
225 3663 311 3720 καὶ.
335 3702 342 3719 .
365 3663 450 3721 καὶ.
478 3663 613 3721 .καὶ..
639 3662 692 3720 καὶ
716 3702 747 3720 ..
770 3661 1257 3726 τὲ..καὶ..καῐ..καὶ..καὶ

637 3765 744 3832 Ooaoa
767 3768 827 3830 481
854 3764 892 3852 (Ι,
917 3764 992 3852 194)

112 3895 165 3955 καὶ
189 3944 196 3958 .
225 3942 231 3955 .
255 3897 287 3955 τὲ
311 3942 318 3960 .
345 3942 352 3956 .
376 3896 458 3955 καὶ.
483 3944 490 3957 .
513 3896 545 3955 τὲ
568 3896 622 3954 καὶ
643 3893 811 3976 Prognost.
837 3893 864 3976 ἓ.
891 3896 930 3955 32
956 3890 993 3978 (Ι,
1018 3894 1074 3979 42)

241 4029 676 4094 ι-ὀ-κῑ-ἑὶ
871 4054 1039 4092 μὴ

110 4095 164 4152 καὶ
187 4142 194 4157 .
220 4141 226 4154 .
251 4096 282 4154 τὲ
306 4138 312 4155 .
337 4143 345 4157 .
368 4097 422 4155 καὶ
445 4138 454 4157 .
477 4144 484 4158 .
508 4096 540 4157 τὲ
564 4142 592 4157 ..
615 4098 669 4155 καὶ
692 4141 723 4156 ..
748 4096 802 4154 καὶ
826 4139 855 4156 ..
878 4096 1026 4157 cmm
1049 4087 1256 4177 (inprotasi),

109 4222 141 4283 τὲ
166 4270 173 4284 .
201 4268 207 4284 .
233 4226 287 4283 καὶ
312 4267 320 4283 .
345 4273 353 4289 .
378 4228 433 4285 καὶ
457 4269 465 4285 .
490 4227 574 4288 ,καὶ
598 4275 605 4288 .
631 4274 637 4287 .
661 4227 715 4286 καὶ
741 4270 748 4286 .
773 4274 779 4286 .
803 4226 911 4285 adrui
945 4220 1069 4307 (apud.)

744 4330 784 4396 de
807 4350 878 4413 cap.
902 4327 1038 4412 vuln.'§.
1064 4330 1082 4391 3
1106 4325 1144 4412 (Ι,
1169 4322 1257 4406 896).

941 4463 986 4526 4³⁵
